%YAML 1.1
%TAG !u! tag:unity3d.com,2011:
--- !u!29 &1
SceneSettings:
  m_ObjectHideFlags: 0
  m_PVSData: 
  m_PVSObjectsArray: []
  m_PVSPortalsArray: []
  m_OcclusionBakeSettings:
    smallestOccluder: 5
    smallestHole: 0.25
    backfaceThreshold: 100
--- !u!104 &2
RenderSettings:
  m_ObjectHideFlags: 0
  serializedVersion: 6
  m_Fog: 0
  m_FogColor: {r: 0.5, g: 0.5, b: 0.5, a: 1}
  m_FogMode: 3
  m_FogDensity: 0.01
  m_LinearFogStart: 0
  m_LinearFogEnd: 300
  m_AmbientSkyColor: {r: 0.212, g: 0.227, b: 0.259, a: 1}
  m_AmbientEquatorColor: {r: 0.114, g: 0.125, b: 0.133, a: 1}
  m_AmbientGroundColor: {r: 0.047, g: 0.043, b: 0.035, a: 1}
  m_AmbientIntensity: 1
  m_AmbientMode: 0
  m_SkyboxMaterial: {fileID: 10304, guid: 0000000000000000f000000000000000, type: 0}
  m_HaloStrength: 0.5
  m_FlareStrength: 1
  m_FlareFadeSpeed: 3
  m_HaloTexture: {fileID: 0}
  m_SpotCookie: {fileID: 10001, guid: 0000000000000000e000000000000000, type: 0}
  m_DefaultReflectionMode: 0
  m_DefaultReflectionResolution: 128
  m_ReflectionBounces: 1
  m_ReflectionIntensity: 1
  m_CustomReflection: {fileID: 0}
  m_Sun: {fileID: 0}
--- !u!157 &3
LightmapSettings:
  m_ObjectHideFlags: 0
  serializedVersion: 6
  m_GIWorkflowMode: 0
  m_LightmapsMode: 1
  m_GISettings:
    serializedVersion: 2
    m_BounceScale: 1
    m_IndirectOutputScale: 1
    m_AlbedoBoost: 1
    m_TemporalCoherenceThreshold: 1
    m_EnvironmentLightingMode: 0
    m_EnableBakedLightmaps: 1
    m_EnableRealtimeLightmaps: 1
  m_LightmapEditorSettings:
    serializedVersion: 3
    m_Resolution: 2
    m_BakeResolution: 40
    m_TextureWidth: 1024
    m_TextureHeight: 1024
    m_AOMaxDistance: 1
    m_Padding: 2
    m_CompAOExponent: 0
    m_LightmapParameters: {fileID: 0}
    m_TextureCompression: 1
    m_FinalGather: 0
    m_FinalGatherRayCount: 1024
    m_ReflectionCompression: 2
  m_LightingDataAsset: {fileID: 0}
  m_RuntimeCPUUsage: 25
--- !u!196 &4
NavMeshSettings:
  serializedVersion: 2
  m_ObjectHideFlags: 0
  m_BuildSettings:
    serializedVersion: 2
    agentRadius: 0.5
    agentHeight: 2
    agentSlope: 45
    agentClimb: 0.4
    ledgeDropHeight: 0
    maxJumpAcrossDistance: 0
    accuratePlacement: 0
    minRegionArea: 2
    cellSize: 0.16666667
    manualCellSize: 0
  m_NavMeshData: {fileID: 0}
--- !u!1001 &2745853
Prefab:
  m_ObjectHideFlags: 0
  serializedVersion: 2
  m_Modification:
    m_TransformParent: {fileID: 1337335611}
    m_Modifications:
    - target: {fileID: 11406336, guid: b9c7aaf0d314cb847a3b2a20e893f1b6, type: 2}
      propertyPath: ModelCollection.Array.size
      value: 2
      objectReference: {fileID: 0}
    - target: {fileID: 432918, guid: b9c7aaf0d314cb847a3b2a20e893f1b6, type: 2}
      propertyPath: m_LocalPosition.x
      value: -0
      objectReference: {fileID: 0}
    - target: {fileID: 432918, guid: b9c7aaf0d314cb847a3b2a20e893f1b6, type: 2}
      propertyPath: m_LocalPosition.y
      value: -0.3
      objectReference: {fileID: 0}
    - target: {fileID: 432918, guid: b9c7aaf0d314cb847a3b2a20e893f1b6, type: 2}
      propertyPath: m_LocalPosition.z
      value: 0.3
      objectReference: {fileID: 0}
    - target: {fileID: 432918, guid: b9c7aaf0d314cb847a3b2a20e893f1b6, type: 2}
      propertyPath: m_LocalRotation.x
      value: 0
      objectReference: {fileID: 0}
    - target: {fileID: 432918, guid: b9c7aaf0d314cb847a3b2a20e893f1b6, type: 2}
      propertyPath: m_LocalRotation.y
      value: 0
      objectReference: {fileID: 0}
    - target: {fileID: 432918, guid: b9c7aaf0d314cb847a3b2a20e893f1b6, type: 2}
      propertyPath: m_LocalRotation.z
      value: 0
      objectReference: {fileID: 0}
    - target: {fileID: 432918, guid: b9c7aaf0d314cb847a3b2a20e893f1b6, type: 2}
      propertyPath: m_LocalRotation.w
      value: 1
      objectReference: {fileID: 0}
    - target: {fileID: 432918, guid: b9c7aaf0d314cb847a3b2a20e893f1b6, type: 2}
      propertyPath: m_RootOrder
      value: 0
      objectReference: {fileID: 0}
    - target: {fileID: 11406336, guid: b9c7aaf0d314cb847a3b2a20e893f1b6, type: 2}
      propertyPath: LeftGraphicsModel
      value: 
      objectReference: {fileID: 1831987767}
    - target: {fileID: 11406336, guid: b9c7aaf0d314cb847a3b2a20e893f1b6, type: 2}
      propertyPath: RightGraphicsModel
      value: 
      objectReference: {fileID: 1911977542}
    - target: {fileID: 11406336, guid: b9c7aaf0d314cb847a3b2a20e893f1b6, type: 2}
      propertyPath: LeftPhysicsModel
      value: 
      objectReference: {fileID: 312611606}
    - target: {fileID: 11406336, guid: b9c7aaf0d314cb847a3b2a20e893f1b6, type: 2}
      propertyPath: RightPhysicsModel
      value: 
      objectReference: {fileID: 1431339106}
    - target: {fileID: 11406336, guid: b9c7aaf0d314cb847a3b2a20e893f1b6, type: 2}
      propertyPath: ModelCollection.Array.data[0]
      value: 
      objectReference: {fileID: 0}
    - target: {fileID: 11406336, guid: b9c7aaf0d314cb847a3b2a20e893f1b6, type: 2}
      propertyPath: ModelCollection.Array.data[1]
      value: 
      objectReference: {fileID: 0}
    - target: {fileID: 11406336, guid: b9c7aaf0d314cb847a3b2a20e893f1b6, type: 2}
      propertyPath: ModelCollection.Array.data[2]
      value: 
      objectReference: {fileID: 312611606}
    - target: {fileID: 11406336, guid: b9c7aaf0d314cb847a3b2a20e893f1b6, type: 2}
      propertyPath: ModelCollection.Array.data[3]
      value: 
      objectReference: {fileID: 1431339106}
    - target: {fileID: 11406336, guid: b9c7aaf0d314cb847a3b2a20e893f1b6, type: 2}
      propertyPath: ModelCollection.Array.data[0].LeftModel
      value: 
      objectReference: {fileID: 1831987767}
    - target: {fileID: 11406336, guid: b9c7aaf0d314cb847a3b2a20e893f1b6, type: 2}
      propertyPath: ModelCollection.Array.data[0].RightModel
      value: 
      objectReference: {fileID: 1911977542}
    - target: {fileID: 11406336, guid: b9c7aaf0d314cb847a3b2a20e893f1b6, type: 2}
      propertyPath: ModelCollection.Array.data[1].LeftModel
      value: 
      objectReference: {fileID: 312611606}
    - target: {fileID: 11406336, guid: b9c7aaf0d314cb847a3b2a20e893f1b6, type: 2}
      propertyPath: ModelCollection.Array.data[1].RightModel
      value: 
      objectReference: {fileID: 1431339106}
    - target: {fileID: 11435192, guid: b9c7aaf0d314cb847a3b2a20e893f1b6, type: 2}
      propertyPath: _overrideDeviceType
      value: 1
      objectReference: {fileID: 0}
    - target: {fileID: 11406336, guid: b9c7aaf0d314cb847a3b2a20e893f1b6, type: 2}
      propertyPath: ModelCollection.Array.data[0].PairName
      value: Graphics_Hands
      objectReference: {fileID: 0}
    - target: {fileID: 11406336, guid: b9c7aaf0d314cb847a3b2a20e893f1b6, type: 2}
      propertyPath: ModelCollection.Array.data[0].IsEnabled
      value: 1
      objectReference: {fileID: 0}
    - target: {fileID: 11406336, guid: b9c7aaf0d314cb847a3b2a20e893f1b6, type: 2}
      propertyPath: ModelCollection.Array.data[1].PairName
      value: Physics_Hands
      objectReference: {fileID: 0}
    - target: {fileID: 11406336, guid: b9c7aaf0d314cb847a3b2a20e893f1b6, type: 2}
      propertyPath: ModelCollection.Array.data[1].IsEnabled
      value: 1
      objectReference: {fileID: 0}
    m_RemovedComponents:
    - {fileID: 11406336, guid: b9c7aaf0d314cb847a3b2a20e893f1b6, type: 2}
  m_ParentPrefab: {fileID: 100100000, guid: b9c7aaf0d314cb847a3b2a20e893f1b6, type: 2}
  m_IsPrefabParent: 0
--- !u!114 &312611606 stripped
MonoBehaviour:
  m_PrefabParentObject: {fileID: 11422472, guid: 23f2cce114628a448bfeaae171b4c0c0,
    type: 2}
  m_PrefabInternal: {fileID: 2005338852}
  m_Script: {fileID: 11500000, guid: 9ea79be653ce14db8969d7225d95ec6c, type: 3}
--- !u!1001 &681568918
Prefab:
  m_ObjectHideFlags: 0
  serializedVersion: 2
  m_Modification:
    m_TransformParent: {fileID: 1844825870}
    m_Modifications:
    - target: {fileID: 464466, guid: 869d20cdda15af24aab9e72b5f2eec78, type: 2}
      propertyPath: m_LocalPosition.x
      value: 0
      objectReference: {fileID: 0}
    - target: {fileID: 464466, guid: 869d20cdda15af24aab9e72b5f2eec78, type: 2}
      propertyPath: m_LocalPosition.y
      value: 0
      objectReference: {fileID: 0}
    - target: {fileID: 464466, guid: 869d20cdda15af24aab9e72b5f2eec78, type: 2}
      propertyPath: m_LocalPosition.z
      value: 0
      objectReference: {fileID: 0}
    - target: {fileID: 464466, guid: 869d20cdda15af24aab9e72b5f2eec78, type: 2}
      propertyPath: m_LocalRotation.x
      value: 0
      objectReference: {fileID: 0}
    - target: {fileID: 464466, guid: 869d20cdda15af24aab9e72b5f2eec78, type: 2}
      propertyPath: m_LocalRotation.y
      value: 0
      objectReference: {fileID: 0}
    - target: {fileID: 464466, guid: 869d20cdda15af24aab9e72b5f2eec78, type: 2}
      propertyPath: m_LocalRotation.z
      value: 0
      objectReference: {fileID: 0}
    - target: {fileID: 464466, guid: 869d20cdda15af24aab9e72b5f2eec78, type: 2}
      propertyPath: m_LocalRotation.w
      value: 1
      objectReference: {fileID: 0}
    - target: {fileID: 464466, guid: 869d20cdda15af24aab9e72b5f2eec78, type: 2}
      propertyPath: m_RootOrder
      value: 0
      objectReference: {fileID: 0}
    - target: {fileID: 11407378, guid: 869d20cdda15af24aab9e72b5f2eec78, type: 2}
      propertyPath: _showArm
      value: 0
      objectReference: {fileID: 0}
    m_RemovedComponents: []
  m_ParentPrefab: {fileID: 100100000, guid: 869d20cdda15af24aab9e72b5f2eec78, type: 2}
  m_IsPrefabParent: 0
--- !u!1001 &1038930914
Prefab:
  m_ObjectHideFlags: 0
  serializedVersion: 2
  m_Modification:
    m_TransformParent: {fileID: 1844825870}
    m_Modifications:
    - target: {fileID: 464466, guid: 39d18871c11b53c4082d8202e3db68a3, type: 2}
      propertyPath: m_LocalPosition.x
      value: 0
      objectReference: {fileID: 0}
    - target: {fileID: 464466, guid: 39d18871c11b53c4082d8202e3db68a3, type: 2}
      propertyPath: m_LocalPosition.y
      value: 0
      objectReference: {fileID: 0}
    - target: {fileID: 464466, guid: 39d18871c11b53c4082d8202e3db68a3, type: 2}
      propertyPath: m_LocalPosition.z
      value: 0
      objectReference: {fileID: 0}
    - target: {fileID: 464466, guid: 39d18871c11b53c4082d8202e3db68a3, type: 2}
      propertyPath: m_LocalRotation.x
      value: 0
      objectReference: {fileID: 0}
    - target: {fileID: 464466, guid: 39d18871c11b53c4082d8202e3db68a3, type: 2}
      propertyPath: m_LocalRotation.y
      value: 0
      objectReference: {fileID: 0}
    - target: {fileID: 464466, guid: 39d18871c11b53c4082d8202e3db68a3, type: 2}
      propertyPath: m_LocalRotation.z
      value: 0
      objectReference: {fileID: 0}
    - target: {fileID: 464466, guid: 39d18871c11b53c4082d8202e3db68a3, type: 2}
      propertyPath: m_LocalRotation.w
      value: 1
      objectReference: {fileID: 0}
    - target: {fileID: 464466, guid: 39d18871c11b53c4082d8202e3db68a3, type: 2}
      propertyPath: m_RootOrder
      value: 1
      objectReference: {fileID: 0}
    - target: {fileID: 11407378, guid: 39d18871c11b53c4082d8202e3db68a3, type: 2}
      propertyPath: _showArm
      value: 0
      objectReference: {fileID: 0}
    m_RemovedComponents: []
  m_ParentPrefab: {fileID: 100100000, guid: 39d18871c11b53c4082d8202e3db68a3, type: 2}
  m_IsPrefabParent: 0
--- !u!1 &1175009500
GameObject:
  m_ObjectHideFlags: 0
  m_PrefabParentObject: {fileID: 0}
  m_PrefabInternal: {fileID: 0}
  serializedVersion: 4
  m_Component:
  - 4: {fileID: 1175009505}
  - 33: {fileID: 1175009504}
  - 64: {fileID: 1175009503}
  - 23: {fileID: 1175009502}
  - 54: {fileID: 1175009501}
  m_Layer: 0
  m_Name: Plane
  m_TagString: Untagged
  m_Icon: {fileID: 0}
  m_NavMeshLayer: 0
  m_StaticEditorFlags: 0
  m_IsActive: 1
--- !u!54 &1175009501
Rigidbody:
  m_ObjectHideFlags: 0
  m_PrefabParentObject: {fileID: 0}
  m_PrefabInternal: {fileID: 0}
  m_GameObject: {fileID: 1175009500}
  serializedVersion: 2
  m_Mass: 1
  m_Drag: 0
  m_AngularDrag: 0.05
  m_UseGravity: 0
  m_IsKinematic: 1
  m_Interpolate: 0
  m_Constraints: 0
  m_CollisionDetection: 0
--- !u!23 &1175009502
MeshRenderer:
  m_ObjectHideFlags: 0
  m_PrefabParentObject: {fileID: 0}
  m_PrefabInternal: {fileID: 0}
  m_GameObject: {fileID: 1175009500}
  m_Enabled: 1
  m_CastShadows: 1
  m_ReceiveShadows: 1
  m_Materials:
  - {fileID: 10303, guid: 0000000000000000f000000000000000, type: 0}
  m_SubsetIndices: 
  m_StaticBatchRoot: {fileID: 0}
  m_UseLightProbes: 1
  m_ReflectionProbeUsage: 1
  m_ProbeAnchor: {fileID: 0}
  m_ScaleInLightmap: 1
  m_PreserveUVs: 1
  m_IgnoreNormalsForChartDetection: 0
  m_ImportantGI: 0
  m_MinimumChartSize: 4
  m_AutoUVMaxDistance: 0.5
  m_AutoUVMaxAngle: 89
  m_LightmapParameters: {fileID: 0}
  m_SortingLayerID: 0
  m_SortingOrder: 0
--- !u!64 &1175009503
MeshCollider:
  m_ObjectHideFlags: 0
  m_PrefabParentObject: {fileID: 0}
  m_PrefabInternal: {fileID: 0}
  m_GameObject: {fileID: 1175009500}
  m_Material: {fileID: 0}
  m_IsTrigger: 0
  m_Enabled: 1
  serializedVersion: 2
  m_Convex: 0
  m_Mesh: {fileID: 10209, guid: 0000000000000000e000000000000000, type: 0}
--- !u!33 &1175009504
MeshFilter:
  m_ObjectHideFlags: 0
  m_PrefabParentObject: {fileID: 0}
  m_PrefabInternal: {fileID: 0}
  m_GameObject: {fileID: 1175009500}
  m_Mesh: {fileID: 10209, guid: 0000000000000000e000000000000000, type: 0}
--- !u!4 &1175009505
Transform:
  m_ObjectHideFlags: 0
  m_PrefabParentObject: {fileID: 0}
  m_PrefabInternal: {fileID: 0}
  m_GameObject: {fileID: 1175009500}
  m_LocalRotation: {x: 0, y: 0, z: 0, w: 1}
  m_LocalPosition: {x: 0, y: -0.268, z: 0}
  m_LocalScale: {x: 1, y: 1, z: 1}
  m_Children: []
  m_Father: {fileID: 0}
  m_RootOrder: 3
--- !u!1001 &1195238524
Prefab:
  m_ObjectHideFlags: 0
  serializedVersion: 2
  m_Modification:
    m_TransformParent: {fileID: 1844825870}
    m_Modifications:
    - target: {fileID: 415952, guid: c8515ebee271c0649b9db1321f3026a4, type: 2}
      propertyPath: m_LocalPosition.x
      value: 0
      objectReference: {fileID: 0}
    - target: {fileID: 415952, guid: c8515ebee271c0649b9db1321f3026a4, type: 2}
      propertyPath: m_LocalPosition.y
      value: 0
      objectReference: {fileID: 0}
    - target: {fileID: 415952, guid: c8515ebee271c0649b9db1321f3026a4, type: 2}
      propertyPath: m_LocalPosition.z
      value: 0
      objectReference: {fileID: 0}
    - target: {fileID: 415952, guid: c8515ebee271c0649b9db1321f3026a4, type: 2}
      propertyPath: m_LocalRotation.x
      value: 0
      objectReference: {fileID: 0}
    - target: {fileID: 415952, guid: c8515ebee271c0649b9db1321f3026a4, type: 2}
      propertyPath: m_LocalRotation.y
      value: 0
      objectReference: {fileID: 0}
    - target: {fileID: 415952, guid: c8515ebee271c0649b9db1321f3026a4, type: 2}
      propertyPath: m_LocalRotation.z
      value: 0
      objectReference: {fileID: 0}
    - target: {fileID: 415952, guid: c8515ebee271c0649b9db1321f3026a4, type: 2}
      propertyPath: m_LocalRotation.w
      value: 1
      objectReference: {fileID: 0}
    - target: {fileID: 415952, guid: c8515ebee271c0649b9db1321f3026a4, type: 2}
      propertyPath: m_RootOrder
      value: 3
      objectReference: {fileID: 0}
    - target: {fileID: 447880, guid: c8515ebee271c0649b9db1321f3026a4, type: 2}
      propertyPath: m_LocalRotation.x
      value: 0.067679256
      objectReference: {fileID: 0}
    - target: {fileID: 447880, guid: c8515ebee271c0649b9db1321f3026a4, type: 2}
      propertyPath: m_LocalRotation.y
      value: 0.06845518
      objectReference: {fileID: 0}
    - target: {fileID: 447880, guid: c8515ebee271c0649b9db1321f3026a4, type: 2}
      propertyPath: m_LocalRotation.z
      value: -0.10489068
      objectReference: {fileID: 0}
    - target: {fileID: 447880, guid: c8515ebee271c0649b9db1321f3026a4, type: 2}
      propertyPath: m_LocalRotation.w
      value: 0.9898138
      objectReference: {fileID: 0}
    - target: {fileID: 447880, guid: c8515ebee271c0649b9db1321f3026a4, type: 2}
      propertyPath: m_LocalPosition.x
      value: 0.09995664
      objectReference: {fileID: 0}
    - target: {fileID: 447880, guid: c8515ebee271c0649b9db1321f3026a4, type: 2}
      propertyPath: m_LocalPosition.y
      value: 0.120931596
      objectReference: {fileID: 0}
    - target: {fileID: 447880, guid: c8515ebee271c0649b9db1321f3026a4, type: 2}
      propertyPath: m_LocalPosition.z
      value: 0.037580788
      objectReference: {fileID: 0}
    - target: {fileID: 441364, guid: c8515ebee271c0649b9db1321f3026a4, type: 2}
      propertyPath: m_LocalRotation.x
      value: 0.067679256
      objectReference: {fileID: 0}
    - target: {fileID: 441364, guid: c8515ebee271c0649b9db1321f3026a4, type: 2}
      propertyPath: m_LocalRotation.y
      value: 0.06845518
      objectReference: {fileID: 0}
    - target: {fileID: 441364, guid: c8515ebee271c0649b9db1321f3026a4, type: 2}
      propertyPath: m_LocalRotation.z
      value: -0.10489068
      objectReference: {fileID: 0}
    - target: {fileID: 441364, guid: c8515ebee271c0649b9db1321f3026a4, type: 2}
      propertyPath: m_LocalRotation.w
      value: 0.9898138
      objectReference: {fileID: 0}
    - target: {fileID: 441364, guid: c8515ebee271c0649b9db1321f3026a4, type: 2}
      propertyPath: m_LocalPosition.x
      value: 0.104022
      objectReference: {fileID: 0}
    - target: {fileID: 441364, guid: c8515ebee271c0649b9db1321f3026a4, type: 2}
      propertyPath: m_LocalPosition.y
      value: 0.1159607
      objectReference: {fileID: 0}
    - target: {fileID: 441364, guid: c8515ebee271c0649b9db1321f3026a4, type: 2}
      propertyPath: m_LocalPosition.z
      value: 0.07046974
      objectReference: {fileID: 0}
    - target: {fileID: 429658, guid: c8515ebee271c0649b9db1321f3026a4, type: 2}
      propertyPath: m_LocalRotation.x
      value: 0.067679256
      objectReference: {fileID: 0}
    - target: {fileID: 429658, guid: c8515ebee271c0649b9db1321f3026a4, type: 2}
      propertyPath: m_LocalRotation.y
      value: 0.06845518
      objectReference: {fileID: 0}
    - target: {fileID: 429658, guid: c8515ebee271c0649b9db1321f3026a4, type: 2}
      propertyPath: m_LocalRotation.z
      value: -0.10489068
      objectReference: {fileID: 0}
    - target: {fileID: 429658, guid: c8515ebee271c0649b9db1321f3026a4, type: 2}
      propertyPath: m_LocalRotation.w
      value: 0.9898138
      objectReference: {fileID: 0}
    - target: {fileID: 429658, guid: c8515ebee271c0649b9db1321f3026a4, type: 2}
      propertyPath: m_LocalPosition.x
      value: 0.1066273
      objectReference: {fileID: 0}
    - target: {fileID: 429658, guid: c8515ebee271c0649b9db1321f3026a4, type: 2}
      propertyPath: m_LocalPosition.y
      value: 0.11277509
      objectReference: {fileID: 0}
    - target: {fileID: 429658, guid: c8515ebee271c0649b9db1321f3026a4, type: 2}
      propertyPath: m_LocalPosition.z
      value: 0.091546744
      objectReference: {fileID: 0}
    - target: {fileID: 436198, guid: c8515ebee271c0649b9db1321f3026a4, type: 2}
      propertyPath: m_LocalRotation.x
      value: 0.01990485
      objectReference: {fileID: 0}
    - target: {fileID: 436198, guid: c8515ebee271c0649b9db1321f3026a4, type: 2}
      propertyPath: m_LocalRotation.y
      value: -0.3575552
      objectReference: {fileID: 0}
    - target: {fileID: 436198, guid: c8515ebee271c0649b9db1321f3026a4, type: 2}
      propertyPath: m_LocalRotation.z
      value: 0.53516835
      objectReference: {fileID: 0}
    - target: {fileID: 436198, guid: c8515ebee271c0649b9db1321f3026a4, type: 2}
      propertyPath: m_LocalRotation.w
      value: 0.7650836
      objectReference: {fileID: 0}
    - target: {fileID: 436198, guid: c8515ebee271c0649b9db1321f3026a4, type: 2}
      propertyPath: m_LocalPosition.x
      value: 0.04851017
      objectReference: {fileID: 0}
    - target: {fileID: 436198, guid: c8515ebee271c0649b9db1321f3026a4, type: 2}
      propertyPath: m_LocalPosition.y
      value: 0.104451835
      objectReference: {fileID: 0}
    - target: {fileID: 436198, guid: c8515ebee271c0649b9db1321f3026a4, type: 2}
      propertyPath: m_LocalPosition.z
      value: -0.035985827
      objectReference: {fileID: 0}
    - target: {fileID: 425120, guid: c8515ebee271c0649b9db1321f3026a4, type: 2}
      propertyPath: m_LocalRotation.x
      value: 0.01990485
      objectReference: {fileID: 0}
    - target: {fileID: 425120, guid: c8515ebee271c0649b9db1321f3026a4, type: 2}
      propertyPath: m_LocalRotation.y
      value: -0.3575552
      objectReference: {fileID: 0}
    - target: {fileID: 425120, guid: c8515ebee271c0649b9db1321f3026a4, type: 2}
      propertyPath: m_LocalRotation.z
      value: 0.53516835
      objectReference: {fileID: 0}
    - target: {fileID: 425120, guid: c8515ebee271c0649b9db1321f3026a4, type: 2}
      propertyPath: m_LocalRotation.w
      value: 0.7650836
      objectReference: {fileID: 0}
    - target: {fileID: 425120, guid: c8515ebee271c0649b9db1321f3026a4, type: 2}
      propertyPath: m_LocalPosition.x
      value: 0.028058626
      objectReference: {fileID: 0}
    - target: {fileID: 425120, guid: c8515ebee271c0649b9db1321f3026a4, type: 2}
      propertyPath: m_LocalPosition.y
      value: 0.08838189
      objectReference: {fileID: 0}
    - target: {fileID: 425120, guid: c8515ebee271c0649b9db1321f3026a4, type: 2}
      propertyPath: m_LocalPosition.z
      value: -0.0070667565
      objectReference: {fileID: 0}
    - target: {fileID: 407702, guid: c8515ebee271c0649b9db1321f3026a4, type: 2}
      propertyPath: m_LocalRotation.x
      value: 0.01990485
      objectReference: {fileID: 0}
    - target: {fileID: 407702, guid: c8515ebee271c0649b9db1321f3026a4, type: 2}
      propertyPath: m_LocalRotation.y
      value: -0.3575552
      objectReference: {fileID: 0}
    - target: {fileID: 407702, guid: c8515ebee271c0649b9db1321f3026a4, type: 2}
      propertyPath: m_LocalRotation.z
      value: 0.53516835
      objectReference: {fileID: 0}
    - target: {fileID: 407702, guid: c8515ebee271c0649b9db1321f3026a4, type: 2}
      propertyPath: m_LocalRotation.w
      value: 0.7650836
      objectReference: {fileID: 0}
    - target: {fileID: 407702, guid: c8515ebee271c0649b9db1321f3026a4, type: 2}
      propertyPath: m_LocalPosition.x
      value: 0.014061448
      objectReference: {fileID: 0}
    - target: {fileID: 407702, guid: c8515ebee271c0649b9db1321f3026a4, type: 2}
      propertyPath: m_LocalPosition.y
      value: 0.0773835
      objectReference: {fileID: 0}
    - target: {fileID: 407702, guid: c8515ebee271c0649b9db1321f3026a4, type: 2}
      propertyPath: m_LocalPosition.z
      value: 0.012725621
      objectReference: {fileID: 0}
    - target: {fileID: 467038, guid: c8515ebee271c0649b9db1321f3026a4, type: 2}
      propertyPath: m_LocalRotation.x
      value: 0.07527788
      objectReference: {fileID: 0}
    - target: {fileID: 467038, guid: c8515ebee271c0649b9db1321f3026a4, type: 2}
      propertyPath: m_LocalRotation.y
      value: -0.00924224
      objectReference: {fileID: 0}
    - target: {fileID: 467038, guid: c8515ebee271c0649b9db1321f3026a4, type: 2}
      propertyPath: m_LocalRotation.z
      value: -0.073994935
      objectReference: {fileID: 0}
    - target: {fileID: 467038, guid: c8515ebee271c0649b9db1321f3026a4, type: 2}
      propertyPath: m_LocalRotation.w
      value: 0.99437046
      objectReference: {fileID: 0}
    - target: {fileID: 467038, guid: c8515ebee271c0649b9db1321f3026a4, type: 2}
      propertyPath: m_LocalPosition.x
      value: 0.07655247
      objectReference: {fileID: 0}
    - target: {fileID: 467038, guid: c8515ebee271c0649b9db1321f3026a4, type: 2}
      propertyPath: m_LocalPosition.y
      value: 0.12068978
      objectReference: {fileID: 0}
    - target: {fileID: 467038, guid: c8515ebee271c0649b9db1321f3026a4, type: 2}
      propertyPath: m_LocalPosition.z
      value: 0.045310378
      objectReference: {fileID: 0}
    - target: {fileID: 434850, guid: c8515ebee271c0649b9db1321f3026a4, type: 2}
      propertyPath: m_LocalRotation.x
      value: 0.07527788
      objectReference: {fileID: 0}
    - target: {fileID: 434850, guid: c8515ebee271c0649b9db1321f3026a4, type: 2}
      propertyPath: m_LocalRotation.y
      value: -0.00924224
      objectReference: {fileID: 0}
    - target: {fileID: 434850, guid: c8515ebee271c0649b9db1321f3026a4, type: 2}
      propertyPath: m_LocalRotation.z
      value: -0.073994935
      objectReference: {fileID: 0}
    - target: {fileID: 434850, guid: c8515ebee271c0649b9db1321f3026a4, type: 2}
      propertyPath: m_LocalRotation.w
      value: 0.99437046
      objectReference: {fileID: 0}
    - target: {fileID: 434850, guid: c8515ebee271c0649b9db1321f3026a4, type: 2}
      propertyPath: m_LocalPosition.x
      value: 0.07550507
      objectReference: {fileID: 0}
    - target: {fileID: 434850, guid: c8515ebee271c0649b9db1321f3026a4, type: 2}
      propertyPath: m_LocalPosition.y
      value: 0.115426674
      objectReference: {fileID: 0}
    - target: {fileID: 434850, guid: c8515ebee271c0649b9db1321f3026a4, type: 2}
      propertyPath: m_LocalPosition.z
      value: 0.08038223
      objectReference: {fileID: 0}
    - target: {fileID: 445228, guid: c8515ebee271c0649b9db1321f3026a4, type: 2}
      propertyPath: m_LocalRotation.x
      value: 0.07527788
      objectReference: {fileID: 0}
    - target: {fileID: 445228, guid: c8515ebee271c0649b9db1321f3026a4, type: 2}
      propertyPath: m_LocalRotation.y
      value: -0.00924224
      objectReference: {fileID: 0}
    - target: {fileID: 445228, guid: c8515ebee271c0649b9db1321f3026a4, type: 2}
      propertyPath: m_LocalRotation.z
      value: -0.073994935
      objectReference: {fileID: 0}
    - target: {fileID: 445228, guid: c8515ebee271c0649b9db1321f3026a4, type: 2}
      propertyPath: m_LocalRotation.w
      value: 0.99437046
      objectReference: {fileID: 0}
    - target: {fileID: 445228, guid: c8515ebee271c0649b9db1321f3026a4, type: 2}
      propertyPath: m_LocalPosition.x
      value: 0.0748596
      objectReference: {fileID: 0}
    - target: {fileID: 445228, guid: c8515ebee271c0649b9db1321f3026a4, type: 2}
      propertyPath: m_LocalPosition.y
      value: 0.11218321
      objectReference: {fileID: 0}
    - target: {fileID: 445228, guid: c8515ebee271c0649b9db1321f3026a4, type: 2}
      propertyPath: m_LocalPosition.z
      value: 0.10199568
      objectReference: {fileID: 0}
    - target: {fileID: 494458, guid: c8515ebee271c0649b9db1321f3026a4, type: 2}
      propertyPath: m_LocalRotation.x
      value: 0.029145654
      objectReference: {fileID: 0}
    - target: {fileID: 494458, guid: c8515ebee271c0649b9db1321f3026a4, type: 2}
      propertyPath: m_LocalRotation.y
      value: 0.13843814
      objectReference: {fileID: 0}
    - target: {fileID: 494458, guid: c8515ebee271c0649b9db1321f3026a4, type: 2}
      propertyPath: m_LocalRotation.z
      value: -0.17725913
      objectReference: {fileID: 0}
    - target: {fileID: 494458, guid: c8515ebee271c0649b9db1321f3026a4, type: 2}
      propertyPath: m_LocalRotation.w
      value: 0.9739429
      objectReference: {fileID: 0}
    - target: {fileID: 494458, guid: c8515ebee271c0649b9db1321f3026a4, type: 2}
      propertyPath: m_LocalPosition.x
      value: 0.11958266
      objectReference: {fileID: 0}
    - target: {fileID: 494458, guid: c8515ebee271c0649b9db1321f3026a4, type: 2}
      propertyPath: m_LocalPosition.y
      value: 0.11826721
      objectReference: {fileID: 0}
    - target: {fileID: 494458, guid: c8515ebee271c0649b9db1321f3026a4, type: 2}
      propertyPath: m_LocalPosition.z
      value: 0.025443435
      objectReference: {fileID: 0}
    - target: {fileID: 478232, guid: c8515ebee271c0649b9db1321f3026a4, type: 2}
      propertyPath: m_LocalRotation.x
      value: 0.029145654
      objectReference: {fileID: 0}
    - target: {fileID: 478232, guid: c8515ebee271c0649b9db1321f3026a4, type: 2}
      propertyPath: m_LocalRotation.y
      value: 0.13843814
      objectReference: {fileID: 0}
    - target: {fileID: 478232, guid: c8515ebee271c0649b9db1321f3026a4, type: 2}
      propertyPath: m_LocalRotation.z
      value: -0.17725913
      objectReference: {fileID: 0}
    - target: {fileID: 478232, guid: c8515ebee271c0649b9db1321f3026a4, type: 2}
      propertyPath: m_LocalRotation.w
      value: 0.9739429
      objectReference: {fileID: 0}
    - target: {fileID: 478232, guid: c8515ebee271c0649b9db1321f3026a4, type: 2}
      propertyPath: m_LocalPosition.x
      value: 0.1261761
      objectReference: {fileID: 0}
    - target: {fileID: 478232, guid: c8515ebee271c0649b9db1321f3026a4, type: 2}
      propertyPath: m_LocalPosition.y
      value: 0.115575954
      objectReference: {fileID: 0}
    - target: {fileID: 478232, guid: c8515ebee271c0649b9db1321f3026a4, type: 2}
      propertyPath: m_LocalPosition.z
      value: 0.049850702
      objectReference: {fileID: 0}
    - target: {fileID: 483186, guid: c8515ebee271c0649b9db1321f3026a4, type: 2}
      propertyPath: m_LocalRotation.x
      value: 0.029145654
      objectReference: {fileID: 0}
    - target: {fileID: 483186, guid: c8515ebee271c0649b9db1321f3026a4, type: 2}
      propertyPath: m_LocalRotation.y
      value: 0.13843814
      objectReference: {fileID: 0}
    - target: {fileID: 483186, guid: c8515ebee271c0649b9db1321f3026a4, type: 2}
      propertyPath: m_LocalRotation.z
      value: -0.17725913
      objectReference: {fileID: 0}
    - target: {fileID: 483186, guid: c8515ebee271c0649b9db1321f3026a4, type: 2}
      propertyPath: m_LocalRotation.w
      value: 0.9739429
      objectReference: {fileID: 0}
    - target: {fileID: 483186, guid: c8515ebee271c0649b9db1321f3026a4, type: 2}
      propertyPath: m_LocalPosition.x
      value: 0.13059376
      objectReference: {fileID: 0}
    - target: {fileID: 483186, guid: c8515ebee271c0649b9db1321f3026a4, type: 2}
      propertyPath: m_LocalPosition.y
      value: 0.11377278
      objectReference: {fileID: 0}
    - target: {fileID: 483186, guid: c8515ebee271c0649b9db1321f3026a4, type: 2}
      propertyPath: m_LocalPosition.z
      value: 0.0662038
      objectReference: {fileID: 0}
    - target: {fileID: 484030, guid: c8515ebee271c0649b9db1321f3026a4, type: 2}
      propertyPath: m_LocalRotation.x
      value: 0.0741118
      objectReference: {fileID: 0}
    - target: {fileID: 484030, guid: c8515ebee271c0649b9db1321f3026a4, type: 2}
      propertyPath: m_LocalRotation.y
      value: -0.08401715
      objectReference: {fileID: 0}
    - target: {fileID: 484030, guid: c8515ebee271c0649b9db1321f3026a4, type: 2}
      propertyPath: m_LocalRotation.z
      value: 0.0062662344
      objectReference: {fileID: 0}
    - target: {fileID: 484030, guid: c8515ebee271c0649b9db1321f3026a4, type: 2}
      propertyPath: m_LocalRotation.w
      value: 0.9936847
      objectReference: {fileID: 0}
    - target: {fileID: 484030, guid: c8515ebee271c0649b9db1321f3026a4, type: 2}
      propertyPath: m_LocalPosition.x
      value: 0.053516097
      objectReference: {fileID: 0}
    - target: {fileID: 484030, guid: c8515ebee271c0649b9db1321f3026a4, type: 2}
      propertyPath: m_LocalPosition.y
      value: 0.11904952
      objectReference: {fileID: 0}
    - target: {fileID: 433670, guid: c8515ebee271c0649b9db1321f3026a4, type: 2}
      propertyPath: m_LocalRotation.x
      value: 0.0741118
      objectReference: {fileID: 0}
    - target: {fileID: 433670, guid: c8515ebee271c0649b9db1321f3026a4, type: 2}
      propertyPath: m_LocalRotation.y
      value: -0.08401715
      objectReference: {fileID: 0}
    - target: {fileID: 433670, guid: c8515ebee271c0649b9db1321f3026a4, type: 2}
      propertyPath: m_LocalRotation.z
      value: 0.0062662344
      objectReference: {fileID: 0}
    - target: {fileID: 433670, guid: c8515ebee271c0649b9db1321f3026a4, type: 2}
      propertyPath: m_LocalRotation.w
      value: 0.9936847
      objectReference: {fileID: 0}
    - target: {fileID: 433670, guid: c8515ebee271c0649b9db1321f3026a4, type: 2}
      propertyPath: m_LocalPosition.x
      value: 0.04835544
      objectReference: {fileID: 0}
    - target: {fileID: 433670, guid: c8515ebee271c0649b9db1321f3026a4, type: 2}
      propertyPath: m_LocalPosition.y
      value: 0.1144391
      objectReference: {fileID: 0}
    - target: {fileID: 452704, guid: c8515ebee271c0649b9db1321f3026a4, type: 2}
      propertyPath: m_LocalRotation.x
      value: 0.0741118
      objectReference: {fileID: 0}
    - target: {fileID: 452704, guid: c8515ebee271c0649b9db1321f3026a4, type: 2}
      propertyPath: m_LocalRotation.y
      value: -0.08401715
      objectReference: {fileID: 0}
    - target: {fileID: 452704, guid: c8515ebee271c0649b9db1321f3026a4, type: 2}
      propertyPath: m_LocalRotation.z
      value: 0.0062662344
      objectReference: {fileID: 0}
    - target: {fileID: 452704, guid: c8515ebee271c0649b9db1321f3026a4, type: 2}
      propertyPath: m_LocalRotation.w
      value: 0.9936847
      objectReference: {fileID: 0}
    - target: {fileID: 452704, guid: c8515ebee271c0649b9db1321f3026a4, type: 2}
      propertyPath: m_LocalPosition.x
      value: 0.045183994
      objectReference: {fileID: 0}
    - target: {fileID: 452704, guid: c8515ebee271c0649b9db1321f3026a4, type: 2}
      propertyPath: m_LocalPosition.y
      value: 0.11160579
      objectReference: {fileID: 0}
    - target: {fileID: 5451820, guid: c8515ebee271c0649b9db1321f3026a4, type: 2}
      propertyPath: m_Interpolate
      value: 0
      objectReference: {fileID: 0}
    - target: {fileID: 5401370, guid: c8515ebee271c0649b9db1321f3026a4, type: 2}
      propertyPath: m_Interpolate
      value: 0
      objectReference: {fileID: 0}
    - target: {fileID: 5416028, guid: c8515ebee271c0649b9db1321f3026a4, type: 2}
      propertyPath: m_Interpolate
      value: 0
      objectReference: {fileID: 0}
    - target: {fileID: 5442896, guid: c8515ebee271c0649b9db1321f3026a4, type: 2}
      propertyPath: m_Interpolate
      value: 0
      objectReference: {fileID: 0}
    - target: {fileID: 5490042, guid: c8515ebee271c0649b9db1321f3026a4, type: 2}
      propertyPath: m_Interpolate
      value: 0
      objectReference: {fileID: 0}
    - target: {fileID: 5473404, guid: c8515ebee271c0649b9db1321f3026a4, type: 2}
      propertyPath: m_Interpolate
      value: 0
      objectReference: {fileID: 0}
    - target: {fileID: 5456926, guid: c8515ebee271c0649b9db1321f3026a4, type: 2}
      propertyPath: m_Interpolate
      value: 0
      objectReference: {fileID: 0}
    - target: {fileID: 5463978, guid: c8515ebee271c0649b9db1321f3026a4, type: 2}
      propertyPath: m_Interpolate
      value: 0
      objectReference: {fileID: 0}
    - target: {fileID: 5457042, guid: c8515ebee271c0649b9db1321f3026a4, type: 2}
      propertyPath: m_Interpolate
      value: 0
      objectReference: {fileID: 0}
    - target: {fileID: 5475042, guid: c8515ebee271c0649b9db1321f3026a4, type: 2}
      propertyPath: m_Interpolate
      value: 0
      objectReference: {fileID: 0}
    - target: {fileID: 5478578, guid: c8515ebee271c0649b9db1321f3026a4, type: 2}
      propertyPath: m_Interpolate
      value: 0
      objectReference: {fileID: 0}
    - target: {fileID: 5490284, guid: c8515ebee271c0649b9db1321f3026a4, type: 2}
      propertyPath: m_Interpolate
      value: 0
      objectReference: {fileID: 0}
    - target: {fileID: 5483358, guid: c8515ebee271c0649b9db1321f3026a4, type: 2}
      propertyPath: m_Interpolate
      value: 0
      objectReference: {fileID: 0}
    - target: {fileID: 5435790, guid: c8515ebee271c0649b9db1321f3026a4, type: 2}
      propertyPath: m_Interpolate
      value: 0
      objectReference: {fileID: 0}
    - target: {fileID: 5406576, guid: c8515ebee271c0649b9db1321f3026a4, type: 2}
      propertyPath: m_Interpolate
      value: 0
      objectReference: {fileID: 0}
    - target: {fileID: 5485240, guid: c8515ebee271c0649b9db1321f3026a4, type: 2}
      propertyPath: m_Interpolate
      value: 0
      objectReference: {fileID: 0}
    - target: {fileID: 5407498, guid: c8515ebee271c0649b9db1321f3026a4, type: 2}
      propertyPath: m_Interpolate
      value: 0
      objectReference: {fileID: 0}
    - target: {fileID: 13653358, guid: c8515ebee271c0649b9db1321f3026a4, type: 2}
      propertyPath: m_Height
      value: 0.291
      objectReference: {fileID: 0}
    m_RemovedComponents: []
  m_ParentPrefab: {fileID: 100100000, guid: c8515ebee271c0649b9db1321f3026a4, type: 2}
  m_IsPrefabParent: 0
--- !u!1 &1337335606
GameObject:
  m_ObjectHideFlags: 0
  m_PrefabParentObject: {fileID: 0}
  m_PrefabInternal: {fileID: 0}
  serializedVersion: 4
  m_Component:
  - 4: {fileID: 1337335611}
  - 20: {fileID: 1337335610}
  - 124: {fileID: 1337335609}
  - 92: {fileID: 1337335608}
  - 81: {fileID: 1337335607}
  m_Layer: 0
  m_Name: Camera
  m_TagString: MainCamera
  m_Icon: {fileID: 0}
  m_NavMeshLayer: 0
  m_StaticEditorFlags: 0
  m_IsActive: 1
--- !u!81 &1337335607
AudioListener:
  m_ObjectHideFlags: 0
  m_PrefabParentObject: {fileID: 0}
  m_PrefabInternal: {fileID: 0}
  m_GameObject: {fileID: 1337335606}
  m_Enabled: 1
--- !u!92 &1337335608
Behaviour:
  m_ObjectHideFlags: 0
  m_PrefabParentObject: {fileID: 0}
  m_PrefabInternal: {fileID: 0}
  m_GameObject: {fileID: 1337335606}
  m_Enabled: 1
--- !u!124 &1337335609
Behaviour:
  m_ObjectHideFlags: 0
  m_PrefabParentObject: {fileID: 0}
  m_PrefabInternal: {fileID: 0}
  m_GameObject: {fileID: 1337335606}
  m_Enabled: 1
--- !u!20 &1337335610
Camera:
  m_ObjectHideFlags: 0
  m_PrefabParentObject: {fileID: 0}
  m_PrefabInternal: {fileID: 0}
  m_GameObject: {fileID: 1337335606}
  m_Enabled: 1
  serializedVersion: 2
  m_ClearFlags: 1
  m_BackGroundColor: {r: 0.19215687, g: 0.3019608, b: 0.4745098, a: 0.019607844}
  m_NormalizedViewPortRect:
    serializedVersion: 2
    x: 0
    y: 0
    width: 1
    height: 1
  near clip plane: 0.1
  far clip plane: 900
  field of view: 60
  orthographic: 0
  orthographic size: 5
  m_Depth: 0
  m_CullingMask:
    serializedVersion: 2
    m_Bits: 4294967295
  m_RenderingPath: -1
  m_TargetTexture: {fileID: 0}
  m_TargetDisplay: 0
  m_TargetEye: 3
  m_HDR: 0
  m_OcclusionCulling: 1
  m_StereoConvergence: 10
  m_StereoSeparation: 0.022
  m_StereoMirrorMode: 0
--- !u!4 &1337335611
Transform:
  m_ObjectHideFlags: 0
  m_PrefabParentObject: {fileID: 0}
  m_PrefabInternal: {fileID: 0}
  m_GameObject: {fileID: 1337335606}
  m_LocalRotation: {x: 0, y: 0, z: 0, w: 1}
  m_LocalPosition: {x: 0, y: 0, z: 0}
  m_LocalScale: {x: 1, y: 1, z: 1}
  m_Children:
  - {fileID: 1844825870}
  m_Father: {fileID: 0}
  m_RootOrder: 1
--- !u!114 &1431339106 stripped
MonoBehaviour:
  m_PrefabParentObject: {fileID: 11406422, guid: c8515ebee271c0649b9db1321f3026a4,
    type: 2}
  m_PrefabInternal: {fileID: 1195238524}
  m_Script: {fileID: 11500000, guid: 9ea79be653ce14db8969d7225d95ec6c, type: 3}
--- !u!1 &1642768316
GameObject:
  m_ObjectHideFlags: 0
  m_PrefabParentObject: {fileID: 0}
  m_PrefabInternal: {fileID: 0}
  serializedVersion: 4
  m_Component:
  - 4: {fileID: 1642768321}
  - 33: {fileID: 1642768320}
  - 135: {fileID: 1642768319}
  - 23: {fileID: 1642768318}
  - 54: {fileID: 1642768317}
  - 114: {fileID: 1642768322}
  m_Layer: 0
  m_Name: Sphere
  m_TagString: Untagged
  m_Icon: {fileID: 0}
  m_NavMeshLayer: 0
  m_StaticEditorFlags: 0
  m_IsActive: 1
--- !u!54 &1642768317
Rigidbody:
  m_ObjectHideFlags: 0
  m_PrefabParentObject: {fileID: 0}
  m_PrefabInternal: {fileID: 0}
  m_GameObject: {fileID: 1642768316}
  serializedVersion: 2
  m_Mass: 1
  m_Drag: 0
  m_AngularDrag: 0.05
  m_UseGravity: 1
  m_IsKinematic: 0
  m_Interpolate: 0
  m_Constraints: 0
  m_CollisionDetection: 0
--- !u!23 &1642768318
MeshRenderer:
  m_ObjectHideFlags: 0
  m_PrefabParentObject: {fileID: 0}
  m_PrefabInternal: {fileID: 0}
  m_GameObject: {fileID: 1642768316}
  m_Enabled: 1
  m_CastShadows: 1
  m_ReceiveShadows: 1
  m_Materials:
  - {fileID: 10303, guid: 0000000000000000f000000000000000, type: 0}
  m_SubsetIndices: 
  m_StaticBatchRoot: {fileID: 0}
  m_UseLightProbes: 1
  m_ReflectionProbeUsage: 1
  m_ProbeAnchor: {fileID: 0}
  m_ScaleInLightmap: 1
  m_PreserveUVs: 1
  m_IgnoreNormalsForChartDetection: 0
  m_ImportantGI: 0
  m_MinimumChartSize: 4
  m_AutoUVMaxDistance: 0.5
  m_AutoUVMaxAngle: 89
  m_LightmapParameters: {fileID: 0}
  m_SortingLayerID: 0
  m_SortingOrder: 0
--- !u!135 &1642768319
SphereCollider:
  m_ObjectHideFlags: 0
  m_PrefabParentObject: {fileID: 0}
  m_PrefabInternal: {fileID: 0}
  m_GameObject: {fileID: 1642768316}
  m_Material: {fileID: 13400000, guid: 9f93f63d068b08c459038c40fce897d8, type: 2}
  m_IsTrigger: 0
  m_Enabled: 1
  serializedVersion: 2
  m_Radius: 0.5
  m_Center: {x: 0, y: 0, z: 0}
--- !u!33 &1642768320
MeshFilter:
  m_ObjectHideFlags: 0
  m_PrefabParentObject: {fileID: 0}
  m_PrefabInternal: {fileID: 0}
  m_GameObject: {fileID: 1642768316}
  m_Mesh: {fileID: 10207, guid: 0000000000000000e000000000000000, type: 0}
--- !u!4 &1642768321
Transform:
  m_ObjectHideFlags: 0
  m_PrefabParentObject: {fileID: 0}
  m_PrefabInternal: {fileID: 0}
  m_GameObject: {fileID: 1642768316}
  m_LocalRotation: {x: 0, y: -1, z: 0, w: -0.00000009685755}
  m_LocalPosition: {x: -0, y: -0.018, z: 2.41}
  m_LocalScale: {x: 0.1, y: 0.1, z: 0.1}
  m_Children: []
  m_Father: {fileID: 0}
  m_RootOrder: 2
--- !u!114 &1642768322
MonoBehaviour:
  m_ObjectHideFlags: 0
  m_PrefabParentObject: {fileID: 0}
  m_PrefabInternal: {fileID: 0}
  m_GameObject: {fileID: 1642768316}
  m_Enabled: 1
  m_EditorHideFlags: 0
  m_Script: {fileID: 11500000, guid: f367e7133dcfb2e428eb8e7f86b34dfd, type: 3}
  m_Name: 
  m_EditorClassIdentifier: 
--- !u!114 &1831987767 stripped
MonoBehaviour:
  m_PrefabParentObject: {fileID: 11407378, guid: 869d20cdda15af24aab9e72b5f2eec78,
    type: 2}
  m_PrefabInternal: {fileID: 681568918}
  m_Script: {fileID: 11500000, guid: a04122797dd84ca43a07055f12d91e0f, type: 3}
--- !u!1 &1844825869 stripped
GameObject:
  m_PrefabParentObject: {fileID: 166326, guid: b9c7aaf0d314cb847a3b2a20e893f1b6, type: 2}
  m_PrefabInternal: {fileID: 2745853}
--- !u!4 &1844825870 stripped
Transform:
  m_PrefabParentObject: {fileID: 432918, guid: b9c7aaf0d314cb847a3b2a20e893f1b6, type: 2}
  m_PrefabInternal: {fileID: 2745853}
--- !u!114 &1844825871
MonoBehaviour:
  m_ObjectHideFlags: 0
  m_PrefabParentObject: {fileID: 0}
  m_PrefabInternal: {fileID: 0}
  m_GameObject: {fileID: 1844825869}
  m_Enabled: 1
  m_EditorHideFlags: 0
  m_Script: {fileID: 11500000, guid: c592f16851a620743868a31232613370, type: 3}
  m_Name: 
  m_EditorClassIdentifier: 
  ModelPool:
  - _handPool: {fileID: 0}
    GroupName: Graphics_Hands
    LeftModel: {fileID: 1831987767}
    IsLeftToBeSpawned: 0
    RightModel: {fileID: 1911977542}
    IsRightToBeSpawned: 0
    modelList: []
    modelsCheckedOut: []
    IsEnabled: 1
    CanDuplicate: 1
  - _handPool: {fileID: 0}
    GroupName: Physics_Hands
    LeftModel: {fileID: 312611606}
    IsLeftToBeSpawned: 0
    RightModel: {fileID: 1431339106}
    IsRightToBeSpawned: 0
    modelList: []
    modelsCheckedOut: []
    IsEnabled: 1
    CanDuplicate: 1
--- !u!1 &1875731243
GameObject:
  m_ObjectHideFlags: 0
  m_PrefabParentObject: {fileID: 0}
  m_PrefabInternal: {fileID: 0}
  serializedVersion: 4
  m_Component:
  - 4: {fileID: 1875731245}
  - 108: {fileID: 1875731244}
  m_Layer: 0
  m_Name: Directional Light
  m_TagString: Untagged
  m_Icon: {fileID: 0}
  m_NavMeshLayer: 0
  m_StaticEditorFlags: 0
  m_IsActive: 1
--- !u!108 &1875731244
Light:
  m_ObjectHideFlags: 0
  m_PrefabParentObject: {fileID: 0}
  m_PrefabInternal: {fileID: 0}
  m_GameObject: {fileID: 1875731243}
  m_Enabled: 1
  serializedVersion: 6
  m_Type: 1
  m_Color: {r: 1, g: 0.95686275, b: 0.8392157, a: 1}
  m_Intensity: 1
  m_Range: 10
  m_SpotAngle: 30
  m_CookieSize: 10
  m_Shadows:
    m_Type: 2
    m_Resolution: -1
    m_Strength: 1
    m_Bias: 0.05
    m_NormalBias: 0.4
    m_NearPlane: 0.2
  m_Cookie: {fileID: 0}
  m_DrawHalo: 0
  m_Flare: {fileID: 0}
  m_RenderMode: 0
  m_CullingMask:
    serializedVersion: 2
    m_Bits: 4294967295
  m_Lightmapping: 4
  m_BounceIntensity: 1
  m_ShadowRadius: 0
  m_ShadowAngle: 0
  m_AreaSize: {x: 1, y: 1}
--- !u!4 &1875731245
Transform:
  m_ObjectHideFlags: 0
  m_PrefabParentObject: {fileID: 0}
  m_PrefabInternal: {fileID: 0}
  m_GameObject: {fileID: 1875731243}
  m_LocalRotation: {x: 0.40821794, y: -0.23456973, z: 0.109381676, w: 0.87542605}
  m_LocalPosition: {x: 0, y: 3, z: 0}
  m_LocalScale: {x: 1, y: 1, z: 1}
  m_Children: []
  m_Father: {fileID: 0}
  m_RootOrder: 0
--- !u!114 &1911977542 stripped
MonoBehaviour:
  m_PrefabParentObject: {fileID: 11407378, guid: 39d18871c11b53c4082d8202e3db68a3,
    type: 2}
  m_PrefabInternal: {fileID: 1038930914}
  m_Script: {fileID: 11500000, guid: a04122797dd84ca43a07055f12d91e0f, type: 3}
--- !u!1001 &2005338852
Prefab:
  m_ObjectHideFlags: 0
  serializedVersion: 2
  m_Modification:
    m_TransformParent: {fileID: 1844825870}
    m_Modifications:
    - target: {fileID: 475100, guid: 23f2cce114628a448bfeaae171b4c0c0, type: 2}
      propertyPath: m_LocalPosition.x
      value: 0
      objectReference: {fileID: 0}
    - target: {fileID: 475100, guid: 23f2cce114628a448bfeaae171b4c0c0, type: 2}
      propertyPath: m_LocalPosition.y
      value: 0
      objectReference: {fileID: 0}
    - target: {fileID: 475100, guid: 23f2cce114628a448bfeaae171b4c0c0, type: 2}
      propertyPath: m_LocalPosition.z
      value: 0
      objectReference: {fileID: 0}
    - target: {fileID: 475100, guid: 23f2cce114628a448bfeaae171b4c0c0, type: 2}
      propertyPath: m_LocalRotation.x
      value: 0
      objectReference: {fileID: 0}
    - target: {fileID: 475100, guid: 23f2cce114628a448bfeaae171b4c0c0, type: 2}
      propertyPath: m_LocalRotation.y
      value: 0
      objectReference: {fileID: 0}
    - target: {fileID: 475100, guid: 23f2cce114628a448bfeaae171b4c0c0, type: 2}
      propertyPath: m_LocalRotation.z
      value: 0
      objectReference: {fileID: 0}
    - target: {fileID: 475100, guid: 23f2cce114628a448bfeaae171b4c0c0, type: 2}
      propertyPath: m_LocalRotation.w
      value: 1
      objectReference: {fileID: 0}
    - target: {fileID: 475100, guid: 23f2cce114628a448bfeaae171b4c0c0, type: 2}
      propertyPath: m_RootOrder
      value: 2
      objectReference: {fileID: 0}
    - target: {fileID: 445960, guid: 23f2cce114628a448bfeaae171b4c0c0, type: 2}
      propertyPath: m_LocalRotation.x
      value: 0.067679256
      objectReference: {fileID: 0}
    - target: {fileID: 445960, guid: 23f2cce114628a448bfeaae171b4c0c0, type: 2}
      propertyPath: m_LocalRotation.y
      value: -0.06845518
      objectReference: {fileID: 0}
    - target: {fileID: 445960, guid: 23f2cce114628a448bfeaae171b4c0c0, type: 2}
      propertyPath: m_LocalRotation.z
      value: 0.10489068
      objectReference: {fileID: 0}
    - target: {fileID: 445960, guid: 23f2cce114628a448bfeaae171b4c0c0, type: 2}
      propertyPath: m_LocalRotation.w
      value: 0.9898138
      objectReference: {fileID: 0}
    - target: {fileID: 445960, guid: 23f2cce114628a448bfeaae171b4c0c0, type: 2}
      propertyPath: m_LocalPosition.x
      value: -0.09995664
      objectReference: {fileID: 0}
    - target: {fileID: 445960, guid: 23f2cce114628a448bfeaae171b4c0c0, type: 2}
      propertyPath: m_LocalPosition.y
      value: 0.120931596
      objectReference: {fileID: 0}
    - target: {fileID: 445960, guid: 23f2cce114628a448bfeaae171b4c0c0, type: 2}
      propertyPath: m_LocalPosition.z
      value: 0.037580788
      objectReference: {fileID: 0}
    - target: {fileID: 428954, guid: 23f2cce114628a448bfeaae171b4c0c0, type: 2}
      propertyPath: m_LocalRotation.x
      value: 0.067679256
      objectReference: {fileID: 0}
    - target: {fileID: 428954, guid: 23f2cce114628a448bfeaae171b4c0c0, type: 2}
      propertyPath: m_LocalRotation.y
      value: -0.06845518
      objectReference: {fileID: 0}
    - target: {fileID: 428954, guid: 23f2cce114628a448bfeaae171b4c0c0, type: 2}
      propertyPath: m_LocalRotation.z
      value: 0.10489068
      objectReference: {fileID: 0}
    - target: {fileID: 428954, guid: 23f2cce114628a448bfeaae171b4c0c0, type: 2}
      propertyPath: m_LocalRotation.w
      value: 0.9898138
      objectReference: {fileID: 0}
    - target: {fileID: 428954, guid: 23f2cce114628a448bfeaae171b4c0c0, type: 2}
      propertyPath: m_LocalPosition.x
      value: -0.104022
      objectReference: {fileID: 0}
    - target: {fileID: 428954, guid: 23f2cce114628a448bfeaae171b4c0c0, type: 2}
      propertyPath: m_LocalPosition.y
      value: 0.1159607
      objectReference: {fileID: 0}
    - target: {fileID: 428954, guid: 23f2cce114628a448bfeaae171b4c0c0, type: 2}
      propertyPath: m_LocalPosition.z
      value: 0.07046974
      objectReference: {fileID: 0}
    - target: {fileID: 499498, guid: 23f2cce114628a448bfeaae171b4c0c0, type: 2}
      propertyPath: m_LocalRotation.x
      value: 0.067679256
      objectReference: {fileID: 0}
    - target: {fileID: 499498, guid: 23f2cce114628a448bfeaae171b4c0c0, type: 2}
      propertyPath: m_LocalRotation.y
      value: -0.06845518
      objectReference: {fileID: 0}
    - target: {fileID: 499498, guid: 23f2cce114628a448bfeaae171b4c0c0, type: 2}
      propertyPath: m_LocalRotation.z
      value: 0.10489068
      objectReference: {fileID: 0}
    - target: {fileID: 499498, guid: 23f2cce114628a448bfeaae171b4c0c0, type: 2}
      propertyPath: m_LocalRotation.w
      value: 0.9898138
      objectReference: {fileID: 0}
    - target: {fileID: 499498, guid: 23f2cce114628a448bfeaae171b4c0c0, type: 2}
      propertyPath: m_LocalPosition.x
      value: -0.1066273
      objectReference: {fileID: 0}
    - target: {fileID: 499498, guid: 23f2cce114628a448bfeaae171b4c0c0, type: 2}
      propertyPath: m_LocalPosition.y
      value: 0.11277509
      objectReference: {fileID: 0}
    - target: {fileID: 499498, guid: 23f2cce114628a448bfeaae171b4c0c0, type: 2}
      propertyPath: m_LocalPosition.z
      value: 0.091546744
      objectReference: {fileID: 0}
    - target: {fileID: 424738, guid: 23f2cce114628a448bfeaae171b4c0c0, type: 2}
      propertyPath: m_LocalRotation.x
      value: 0.01990485
      objectReference: {fileID: 0}
    - target: {fileID: 424738, guid: 23f2cce114628a448bfeaae171b4c0c0, type: 2}
      propertyPath: m_LocalRotation.y
      value: 0.3575552
      objectReference: {fileID: 0}
    - target: {fileID: 424738, guid: 23f2cce114628a448bfeaae171b4c0c0, type: 2}
      propertyPath: m_LocalRotation.z
      value: -0.53516835
      objectReference: {fileID: 0}
    - target: {fileID: 424738, guid: 23f2cce114628a448bfeaae171b4c0c0, type: 2}
      propertyPath: m_LocalRotation.w
      value: 0.7650836
      objectReference: {fileID: 0}
    - target: {fileID: 424738, guid: 23f2cce114628a448bfeaae171b4c0c0, type: 2}
      propertyPath: m_LocalPosition.x
      value: -0.04851017
      objectReference: {fileID: 0}
    - target: {fileID: 424738, guid: 23f2cce114628a448bfeaae171b4c0c0, type: 2}
      propertyPath: m_LocalPosition.y
      value: 0.104451835
      objectReference: {fileID: 0}
    - target: {fileID: 424738, guid: 23f2cce114628a448bfeaae171b4c0c0, type: 2}
      propertyPath: m_LocalPosition.z
      value: -0.035985827
      objectReference: {fileID: 0}
    - target: {fileID: 467128, guid: 23f2cce114628a448bfeaae171b4c0c0, type: 2}
      propertyPath: m_LocalRotation.x
      value: 0.01990485
      objectReference: {fileID: 0}
    - target: {fileID: 467128, guid: 23f2cce114628a448bfeaae171b4c0c0, type: 2}
      propertyPath: m_LocalRotation.y
      value: 0.3575552
      objectReference: {fileID: 0}
    - target: {fileID: 467128, guid: 23f2cce114628a448bfeaae171b4c0c0, type: 2}
      propertyPath: m_LocalRotation.z
      value: -0.53516835
      objectReference: {fileID: 0}
    - target: {fileID: 467128, guid: 23f2cce114628a448bfeaae171b4c0c0, type: 2}
      propertyPath: m_LocalRotation.w
      value: 0.7650836
      objectReference: {fileID: 0}
    - target: {fileID: 467128, guid: 23f2cce114628a448bfeaae171b4c0c0, type: 2}
      propertyPath: m_LocalPosition.x
      value: -0.028058626
      objectReference: {fileID: 0}
    - target: {fileID: 467128, guid: 23f2cce114628a448bfeaae171b4c0c0, type: 2}
      propertyPath: m_LocalPosition.y
      value: 0.08838189
      objectReference: {fileID: 0}
    - target: {fileID: 467128, guid: 23f2cce114628a448bfeaae171b4c0c0, type: 2}
      propertyPath: m_LocalPosition.z
      value: -0.0070667565
      objectReference: {fileID: 0}
    - target: {fileID: 481326, guid: 23f2cce114628a448bfeaae171b4c0c0, type: 2}
      propertyPath: m_LocalRotation.x
      value: 0.01990485
      objectReference: {fileID: 0}
    - target: {fileID: 481326, guid: 23f2cce114628a448bfeaae171b4c0c0, type: 2}
      propertyPath: m_LocalRotation.y
      value: 0.3575552
      objectReference: {fileID: 0}
    - target: {fileID: 481326, guid: 23f2cce114628a448bfeaae171b4c0c0, type: 2}
      propertyPath: m_LocalRotation.z
      value: -0.53516835
      objectReference: {fileID: 0}
    - target: {fileID: 481326, guid: 23f2cce114628a448bfeaae171b4c0c0, type: 2}
      propertyPath: m_LocalRotation.w
      value: 0.7650836
      objectReference: {fileID: 0}
    - target: {fileID: 481326, guid: 23f2cce114628a448bfeaae171b4c0c0, type: 2}
      propertyPath: m_LocalPosition.x
      value: -0.014061448
      objectReference: {fileID: 0}
    - target: {fileID: 481326, guid: 23f2cce114628a448bfeaae171b4c0c0, type: 2}
      propertyPath: m_LocalPosition.y
      value: 0.0773835
      objectReference: {fileID: 0}
    - target: {fileID: 481326, guid: 23f2cce114628a448bfeaae171b4c0c0, type: 2}
      propertyPath: m_LocalPosition.z
      value: 0.012725621
      objectReference: {fileID: 0}
    - target: {fileID: 414404, guid: 23f2cce114628a448bfeaae171b4c0c0, type: 2}
      propertyPath: m_LocalRotation.x
      value: 0.07527788
      objectReference: {fileID: 0}
    - target: {fileID: 414404, guid: 23f2cce114628a448bfeaae171b4c0c0, type: 2}
      propertyPath: m_LocalRotation.y
      value: 0.00924224
      objectReference: {fileID: 0}
    - target: {fileID: 414404, guid: 23f2cce114628a448bfeaae171b4c0c0, type: 2}
      propertyPath: m_LocalRotation.z
      value: 0.073994935
      objectReference: {fileID: 0}
    - target: {fileID: 414404, guid: 23f2cce114628a448bfeaae171b4c0c0, type: 2}
      propertyPath: m_LocalRotation.w
      value: 0.99437046
      objectReference: {fileID: 0}
    - target: {fileID: 414404, guid: 23f2cce114628a448bfeaae171b4c0c0, type: 2}
      propertyPath: m_LocalPosition.x
      value: -0.07655247
      objectReference: {fileID: 0}
    - target: {fileID: 414404, guid: 23f2cce114628a448bfeaae171b4c0c0, type: 2}
      propertyPath: m_LocalPosition.y
      value: 0.12068978
      objectReference: {fileID: 0}
    - target: {fileID: 414404, guid: 23f2cce114628a448bfeaae171b4c0c0, type: 2}
      propertyPath: m_LocalPosition.z
      value: 0.045310378
      objectReference: {fileID: 0}
    - target: {fileID: 451232, guid: 23f2cce114628a448bfeaae171b4c0c0, type: 2}
      propertyPath: m_LocalRotation.x
      value: 0.07527788
      objectReference: {fileID: 0}
    - target: {fileID: 451232, guid: 23f2cce114628a448bfeaae171b4c0c0, type: 2}
      propertyPath: m_LocalRotation.y
      value: 0.00924224
      objectReference: {fileID: 0}
    - target: {fileID: 451232, guid: 23f2cce114628a448bfeaae171b4c0c0, type: 2}
      propertyPath: m_LocalRotation.z
      value: 0.073994935
      objectReference: {fileID: 0}
    - target: {fileID: 451232, guid: 23f2cce114628a448bfeaae171b4c0c0, type: 2}
      propertyPath: m_LocalRotation.w
      value: 0.99437046
      objectReference: {fileID: 0}
    - target: {fileID: 451232, guid: 23f2cce114628a448bfeaae171b4c0c0, type: 2}
      propertyPath: m_LocalPosition.x
      value: -0.07550507
      objectReference: {fileID: 0}
    - target: {fileID: 451232, guid: 23f2cce114628a448bfeaae171b4c0c0, type: 2}
      propertyPath: m_LocalPosition.y
      value: 0.115426674
      objectReference: {fileID: 0}
    - target: {fileID: 451232, guid: 23f2cce114628a448bfeaae171b4c0c0, type: 2}
      propertyPath: m_LocalPosition.z
      value: 0.08038223
      objectReference: {fileID: 0}
    - target: {fileID: 424054, guid: 23f2cce114628a448bfeaae171b4c0c0, type: 2}
      propertyPath: m_LocalRotation.x
      value: 0.07527788
      objectReference: {fileID: 0}
    - target: {fileID: 424054, guid: 23f2cce114628a448bfeaae171b4c0c0, type: 2}
      propertyPath: m_LocalRotation.y
      value: 0.00924224
      objectReference: {fileID: 0}
    - target: {fileID: 424054, guid: 23f2cce114628a448bfeaae171b4c0c0, type: 2}
      propertyPath: m_LocalRotation.z
      value: 0.073994935
      objectReference: {fileID: 0}
    - target: {fileID: 424054, guid: 23f2cce114628a448bfeaae171b4c0c0, type: 2}
      propertyPath: m_LocalRotation.w
      value: 0.99437046
      objectReference: {fileID: 0}
    - target: {fileID: 424054, guid: 23f2cce114628a448bfeaae171b4c0c0, type: 2}
      propertyPath: m_LocalPosition.x
      value: -0.0748596
      objectReference: {fileID: 0}
    - target: {fileID: 424054, guid: 23f2cce114628a448bfeaae171b4c0c0, type: 2}
      propertyPath: m_LocalPosition.y
      value: 0.11218321
      objectReference: {fileID: 0}
    - target: {fileID: 424054, guid: 23f2cce114628a448bfeaae171b4c0c0, type: 2}
      propertyPath: m_LocalPosition.z
      value: 0.10199568
      objectReference: {fileID: 0}
    - target: {fileID: 450638, guid: 23f2cce114628a448bfeaae171b4c0c0, type: 2}
      propertyPath: m_LocalRotation.x
      value: 0.029145654
      objectReference: {fileID: 0}
    - target: {fileID: 450638, guid: 23f2cce114628a448bfeaae171b4c0c0, type: 2}
      propertyPath: m_LocalRotation.y
      value: -0.13843814
      objectReference: {fileID: 0}
    - target: {fileID: 450638, guid: 23f2cce114628a448bfeaae171b4c0c0, type: 2}
      propertyPath: m_LocalRotation.z
      value: 0.17725913
      objectReference: {fileID: 0}
    - target: {fileID: 450638, guid: 23f2cce114628a448bfeaae171b4c0c0, type: 2}
      propertyPath: m_LocalRotation.w
      value: 0.9739429
      objectReference: {fileID: 0}
    - target: {fileID: 450638, guid: 23f2cce114628a448bfeaae171b4c0c0, type: 2}
      propertyPath: m_LocalPosition.x
      value: -0.11958266
      objectReference: {fileID: 0}
    - target: {fileID: 450638, guid: 23f2cce114628a448bfeaae171b4c0c0, type: 2}
      propertyPath: m_LocalPosition.y
      value: 0.11826721
      objectReference: {fileID: 0}
    - target: {fileID: 450638, guid: 23f2cce114628a448bfeaae171b4c0c0, type: 2}
      propertyPath: m_LocalPosition.z
      value: 0.025443435
      objectReference: {fileID: 0}
    - target: {fileID: 406836, guid: 23f2cce114628a448bfeaae171b4c0c0, type: 2}
      propertyPath: m_LocalRotation.x
      value: 0.029145654
      objectReference: {fileID: 0}
    - target: {fileID: 406836, guid: 23f2cce114628a448bfeaae171b4c0c0, type: 2}
      propertyPath: m_LocalRotation.y
      value: -0.13843814
      objectReference: {fileID: 0}
    - target: {fileID: 406836, guid: 23f2cce114628a448bfeaae171b4c0c0, type: 2}
      propertyPath: m_LocalRotation.z
      value: 0.17725913
      objectReference: {fileID: 0}
    - target: {fileID: 406836, guid: 23f2cce114628a448bfeaae171b4c0c0, type: 2}
      propertyPath: m_LocalRotation.w
      value: 0.9739429
      objectReference: {fileID: 0}
    - target: {fileID: 406836, guid: 23f2cce114628a448bfeaae171b4c0c0, type: 2}
      propertyPath: m_LocalPosition.x
      value: -0.1261761
      objectReference: {fileID: 0}
    - target: {fileID: 406836, guid: 23f2cce114628a448bfeaae171b4c0c0, type: 2}
      propertyPath: m_LocalPosition.y
      value: 0.115575954
      objectReference: {fileID: 0}
    - target: {fileID: 406836, guid: 23f2cce114628a448bfeaae171b4c0c0, type: 2}
      propertyPath: m_LocalPosition.z
      value: 0.049850702
      objectReference: {fileID: 0}
    - target: {fileID: 403052, guid: 23f2cce114628a448bfeaae171b4c0c0, type: 2}
      propertyPath: m_LocalRotation.x
      value: 0.029145654
      objectReference: {fileID: 0}
    - target: {fileID: 403052, guid: 23f2cce114628a448bfeaae171b4c0c0, type: 2}
      propertyPath: m_LocalRotation.y
      value: -0.13843814
      objectReference: {fileID: 0}
    - target: {fileID: 403052, guid: 23f2cce114628a448bfeaae171b4c0c0, type: 2}
      propertyPath: m_LocalRotation.z
      value: 0.17725913
      objectReference: {fileID: 0}
    - target: {fileID: 403052, guid: 23f2cce114628a448bfeaae171b4c0c0, type: 2}
      propertyPath: m_LocalRotation.w
      value: 0.9739429
      objectReference: {fileID: 0}
    - target: {fileID: 403052, guid: 23f2cce114628a448bfeaae171b4c0c0, type: 2}
      propertyPath: m_LocalPosition.x
      value: -0.13059376
      objectReference: {fileID: 0}
    - target: {fileID: 403052, guid: 23f2cce114628a448bfeaae171b4c0c0, type: 2}
      propertyPath: m_LocalPosition.y
      value: 0.11377278
      objectReference: {fileID: 0}
    - target: {fileID: 403052, guid: 23f2cce114628a448bfeaae171b4c0c0, type: 2}
      propertyPath: m_LocalPosition.z
      value: 0.0662038
      objectReference: {fileID: 0}
    - target: {fileID: 430274, guid: 23f2cce114628a448bfeaae171b4c0c0, type: 2}
      propertyPath: m_LocalRotation.x
      value: 0.0741118
      objectReference: {fileID: 0}
    - target: {fileID: 430274, guid: 23f2cce114628a448bfeaae171b4c0c0, type: 2}
      propertyPath: m_LocalRotation.y
      value: 0.08401715
      objectReference: {fileID: 0}
    - target: {fileID: 430274, guid: 23f2cce114628a448bfeaae171b4c0c0, type: 2}
      propertyPath: m_LocalRotation.z
      value: -0.0062662344
      objectReference: {fileID: 0}
    - target: {fileID: 430274, guid: 23f2cce114628a448bfeaae171b4c0c0, type: 2}
      propertyPath: m_LocalRotation.w
      value: 0.9936847
      objectReference: {fileID: 0}
    - target: {fileID: 430274, guid: 23f2cce114628a448bfeaae171b4c0c0, type: 2}
      propertyPath: m_LocalPosition.x
      value: -0.053516097
      objectReference: {fileID: 0}
    - target: {fileID: 430274, guid: 23f2cce114628a448bfeaae171b4c0c0, type: 2}
      propertyPath: m_LocalPosition.y
      value: 0.11904952
      objectReference: {fileID: 0}
    - target: {fileID: 437978, guid: 23f2cce114628a448bfeaae171b4c0c0, type: 2}
      propertyPath: m_LocalRotation.x
      value: 0.0741118
      objectReference: {fileID: 0}
    - target: {fileID: 437978, guid: 23f2cce114628a448bfeaae171b4c0c0, type: 2}
      propertyPath: m_LocalRotation.y
      value: 0.08401715
      objectReference: {fileID: 0}
    - target: {fileID: 437978, guid: 23f2cce114628a448bfeaae171b4c0c0, type: 2}
      propertyPath: m_LocalRotation.z
      value: -0.0062662344
      objectReference: {fileID: 0}
    - target: {fileID: 437978, guid: 23f2cce114628a448bfeaae171b4c0c0, type: 2}
      propertyPath: m_LocalRotation.w
      value: 0.9936847
      objectReference: {fileID: 0}
    - target: {fileID: 437978, guid: 23f2cce114628a448bfeaae171b4c0c0, type: 2}
      propertyPath: m_LocalPosition.x
      value: -0.04835544
      objectReference: {fileID: 0}
    - target: {fileID: 437978, guid: 23f2cce114628a448bfeaae171b4c0c0, type: 2}
      propertyPath: m_LocalPosition.y
      value: 0.1144391
      objectReference: {fileID: 0}
    - target: {fileID: 441686, guid: 23f2cce114628a448bfeaae171b4c0c0, type: 2}
      propertyPath: m_LocalRotation.x
      value: 0.0741118
      objectReference: {fileID: 0}
    - target: {fileID: 441686, guid: 23f2cce114628a448bfeaae171b4c0c0, type: 2}
      propertyPath: m_LocalRotation.y
      value: 0.08401715
      objectReference: {fileID: 0}
    - target: {fileID: 441686, guid: 23f2cce114628a448bfeaae171b4c0c0, type: 2}
      propertyPath: m_LocalRotation.z
      value: -0.0062662344
      objectReference: {fileID: 0}
    - target: {fileID: 441686, guid: 23f2cce114628a448bfeaae171b4c0c0, type: 2}
      propertyPath: m_LocalRotation.w
      value: 0.9936847
      objectReference: {fileID: 0}
    - target: {fileID: 441686, guid: 23f2cce114628a448bfeaae171b4c0c0, type: 2}
      propertyPath: m_LocalPosition.y
      value: 0.11160579
      objectReference: {fileID: 0}
    - target: {fileID: 5499686, guid: 23f2cce114628a448bfeaae171b4c0c0, type: 2}
      propertyPath: m_Interpolate
      value: 0
      objectReference: {fileID: 0}
    - target: {fileID: 5413384, guid: 23f2cce114628a448bfeaae171b4c0c0, type: 2}
      propertyPath: m_Interpolate
      value: 0
      objectReference: {fileID: 0}
    - target: {fileID: 5401624, guid: 23f2cce114628a448bfeaae171b4c0c0, type: 2}
      propertyPath: m_Interpolate
      value: 0
      objectReference: {fileID: 0}
    - target: {fileID: 5464900, guid: 23f2cce114628a448bfeaae171b4c0c0, type: 2}
      propertyPath: m_Interpolate
      value: 0
      objectReference: {fileID: 0}
    - target: {fileID: 5460242, guid: 23f2cce114628a448bfeaae171b4c0c0, type: 2}
      propertyPath: m_Interpolate
      value: 0
      objectReference: {fileID: 0}
    - target: {fileID: 5433484, guid: 23f2cce114628a448bfeaae171b4c0c0, type: 2}
      propertyPath: m_Interpolate
      value: 0
      objectReference: {fileID: 0}
    - target: {fileID: 5460244, guid: 23f2cce114628a448bfeaae171b4c0c0, type: 2}
      propertyPath: m_Interpolate
      value: 0
      objectReference: {fileID: 0}
    - target: {fileID: 5476046, guid: 23f2cce114628a448bfeaae171b4c0c0, type: 2}
      propertyPath: m_Interpolate
      value: 0
      objectReference: {fileID: 0}
    - target: {fileID: 5406218, guid: 23f2cce114628a448bfeaae171b4c0c0, type: 2}
      propertyPath: m_Interpolate
      value: 0
      objectReference: {fileID: 0}
    - target: {fileID: 5461410, guid: 23f2cce114628a448bfeaae171b4c0c0, type: 2}
      propertyPath: m_Interpolate
      value: 0
      objectReference: {fileID: 0}
    - target: {fileID: 5400048, guid: 23f2cce114628a448bfeaae171b4c0c0, type: 2}
      propertyPath: m_Interpolate
      value: 0
      objectReference: {fileID: 0}
    - target: {fileID: 5424522, guid: 23f2cce114628a448bfeaae171b4c0c0, type: 2}
      propertyPath: m_Interpolate
      value: 0
      objectReference: {fileID: 0}
    - target: {fileID: 5491518, guid: 23f2cce114628a448bfeaae171b4c0c0, type: 2}
      propertyPath: m_Interpolate
      value: 0
      objectReference: {fileID: 0}
    - target: {fileID: 5417756, guid: 23f2cce114628a448bfeaae171b4c0c0, type: 2}
      propertyPath: m_Interpolate
      value: 0
      objectReference: {fileID: 0}
    - target: {fileID: 5410256, guid: 23f2cce114628a448bfeaae171b4c0c0, type: 2}
      propertyPath: m_Interpolate
      value: 0
      objectReference: {fileID: 0}
    - target: {fileID: 5490258, guid: 23f2cce114628a448bfeaae171b4c0c0, type: 2}
      propertyPath: m_Interpolate
      value: 0
      objectReference: {fileID: 0}
    - target: {fileID: 5461952, guid: 23f2cce114628a448bfeaae171b4c0c0, type: 2}
      propertyPath: m_Interpolate
      value: 0
      objectReference: {fileID: 0}
    m_RemovedComponents: []
  m_ParentPrefab: {fileID: 100100000, guid: 23f2cce114628a448bfeaae171b4c0c0, type: 2}
  m_IsPrefabParent: 0
